@misc{CompoundingPoS,
    author = {Fanti, Giulia and Kogan, Leonid and Oh, Sewoong and Ruan, Kathleen and Viswanath, Pramod and Wang, Gerui},
    year = {2018},
    month = {09},
    pages = {},
    conference = {Financial Crypto 2019},
    title = {Compounding of Wealth in Proof-of-Stake Cryptocurrencies},
    url = {https://arxiv.org/pdf/1809.07468.pdf},
}

@misc{OuroborosPraos,
    author = {Bernardo David and Peter Ga{\v{z}}i and Aggelos Kiayias and Alexander Russell},
    title = {Ouroboros Praos: An adaptively-secure, semi-synchronous proof-of-stake protocol},
    hide_howpublished = {Cryptology ePrint Archive, Report 2017/573},
    year = {2017},
    note = {https://eprint.iacr.org/2017/573},
}

